@mastersthesis{mariuszMaster,
  author       = {Mariusz Baldowski}, 
  title        = {Räumliche Analyse mit spatialen Indikatoren},
  school       = {Hochschule für Angewandte Wissenschaften},
  year         = 2014,
  month        = 8,
}

@inproceedings{ThielClemen2013,
  title = {Information Integration in Ecological Informatics and Modelling},
  author = {Thiel-Clemen, Thomas},
  editor = {Wittmann, J. and Müller, M.},
  year = {2013},
  date = {2013-01-01},
  booktitle = {Simulation in Umwelt- und Geowissenschaften, Workshop Leipzig},
  pages = {89-96},
  publisher = {Shaker},
  organization = {GI}
}

@inproceedings{waldbiomasse,
  title = { Ermittlung der Waldbiomasse mit Hilfe eines spatial gemischten Indikators für den Abdoulaye Forest, Togo},
  author = {Mariusz Baldowski and Jan Busch and Hodabalo Pereki and Thomas Thiel-Clemen},
  editor = {Wittmann, Jochen and Maretis, Dimitris K.},
  isbn = {9783844030327},
  year = {2014},
  date = {2014-04-27},
  booktitle = {Simulation in Umwelt- und Geowissenschaften},
  volume = {1. Aufl.},
  pages = {37-49},
  publisher = {Shaker},
  organization = {GI},
  series = {Berichte aus der Umweltinformatik}
}

@article{Kelling2009,
author = {Kelling, Steve and Hochachka, Wesley M. and Fink, Daniel and Riedewald, Mirek and Caruana, Rich and Ballard, Grant and Hooker, Giles}, 
title = {Data-intensive Science: A New Paradigm for Biodiversity Studies},
volume = {59}, 
number = {7}, 
pages = {613-620}, 
year = {2009}, 
doi = {10.1525/bio.2009.59.7.12},
URL = {http://bioscience.oxfordjournals.org/content/59/7/613.abstract}, 
eprint = {http://bioscience.oxfordjournals.org/content/59/7/613.full.pdf+html}, 
journal = {BioScience} 
}

@article{McGuire2008,
title = "A user-centered design for a spatial data warehouse for data exploration in environmental research ",
journal = "Ecological Informatics ",
volume = "3",
number = "4–5",
pages = "273 - 285",
year = "2008",
note = "",
issn = "1574-9541",
doi = "http://dx.doi.org/10.1016/j.ecoinf.2008.08.002",
url = "http://www.sciencedirect.com/science/article/pii/S1574954108000496",
author = "Michael McGuire and Aryya Gangopadhyay and Anita Komlodi and Christopher Swan",
keywords = "Spatial data warehouse",
keywords = "Spatial \{OLAP\}",
keywords = "Data exploration",
keywords = "Ecological research",
keywords = "User-centered design "
}

@INPROCEEDINGS{quads, 
author={Chunyang Hu and Yongwang Zhao and Jing Li and Dianfu Ma and Xuan Li}, 
booktitle={Advanced Information Networking and Applications (AINA), 2011 IEEE International Conference on}, 
title={Geospatial Web Service for Remote Sensing Data Visualization}, 
year={2011}, 
month={March}, 
pages={594-601}, 
keywords={Hilbert transforms;Web services;data visualisation;geographic information systems;geophysics computing;open systems;remote sensing;HCAM);Hilbert curve allocation method;OGC;WMS;Web map service;data placement;geographic information system;geospatial data interoperability;geospatial web services technology;open geospatial consortium;quad tree techniques;remote sensing data visualization;tile imagery pyramid;Data models;Geospatial analysis;Pixel;Remote sensing;Servers;Tiles;Web services;OGC WMS;Tile imagery pyramid;Web Services;data declustering}, 
doi={10.1109/AINA.2011.44}, 
ISSN={1550-445X},}

@INPROCEEDINGS{olap, 
author={Su Mi Ji and Beom Seok Lee and Kyoung Il Kang and Sung Gook Kim and Cheolwhan Lee and Oh-young Song and Joon Yeon Choeh and Ran Baik and Baik, S.W.}, 
booktitle={Computational Science and Its Applications (ICCSA), 2011 International Conference on}, 
title={A Study on the Generation of OLAP Data Cube Based on 3D Visualization Interaction}, 
year={2011}, 
month={June}, 
pages={231-234}, 
keywords={data mining;data visualisation;data warehouses;graphical user interfaces;3D visual data cubes;3D visualization interaction;OLAP;data analysis;data warehouse;Business;Catalogs;Data analysis;Data visualization;Marketing and sales;Three dimensional displays;Visualization;3D Visualization;Data Analysis;Data Cube;Date warehouse;Human Interaction;OLAP}, 
doi={10.1109/ICCSA.2011.40},}

@INPROCEEDINGS{gps_collars, 
author={Constantinescu, M.M. and Constantinescu, M.P. and Valean, H.}, 
booktitle={System Theory, Control and Computing (ICSTCC), 2013 17th International Conference}, 
title={GPS collars data visualization for wildlife management}, 
year={2013}, 
month={Oct}, 
pages={146-151}, 
keywords={Global Positioning System;Internet;application program interfaces;data mining;data visualisation;distributed databases;environmental science computing;relational databases;user interfaces;GPS collars data visualization;Google maps API;OLAP;analytical data structure;biodiversity management Web application;distributed databases;public Internet map;relational databases;user friendly interface;wildlife management;Data visualization;Databases;Global Positioning System;Google;Heating;Servers;Tiles}, 
doi={10.1109/ICSTCC.2013.6688950},}

@INPROCEEDINGS{wms_flow_mapping, 
author={Danhuai Guo and Kaichao Wu and Zhenghua Zhang and Wenting Xiang}, 
booktitle={Services (SERVICES), 2012 IEEE Eighth World Congress on}, 
title={WMS-Based Flow Mapping Services}, 
year={2012}, 
month={June}, 
pages={234-241}, 
keywords={Web services;data analysis;data visualisation;geographic information systems;user interfaces;3-tiers flow mapping service architecture;GIS;JavaScript toolkits;OGC Web map services standard protocol;WMS-based flow mapping services;browsers;commercial trading;complex spatial phenomena;computing capability scalability;computing complexity;computing resource pool;data computing;data representation;data scale;data storing;exploratory spatiotemporal data analysis;flow data integration tier;human migration;map resources;social networks;spatial interaction data visualization;timing demand;unified data access interface;unitary flow mapping architecture;variant data sources;visual clutter;visualization tier;Computer architecture;Data models;Data visualization;Geographic information systems;Servers;Spatial databases;Visualization;flow mapping;spatial interacation data;visual analytics;web mapping services}, 
doi={10.1109/SERVICES.2012.37},}

@misc{agdc,
  author       = {{Regierung Australien -- Geoscience Australia}}, 
  title        = {Sentinel 2 and the Australian Geoscience Data Cube},
  howpublished = {\url{http://seom.esa.int/S2forScience2014/files/05_S2forScience-MethodsII_OLIVER.pdf}},
  month        = 5,
  year         = 2014,
  note         = {zuletzt besucht: 26.02.2015}
}

@misc{agdc2,
  author       = {Alex Ip and Ben Evans and Leo Lymburner and Simon Oliver}, 
  title        = {The Australian Geoscience Data Cube(AGDC) – A Common Analytical Framework},
  howpublished = {\url{https://eresearchau.files.wordpress.com/2014/11/wednesday-1200-grand-1-2-alex-ip.pdf}},
  month        = 11,
  year         = 2014,
  note         = {zuletzt besucht: 26.02.2015}
}

